<?xml version="1.0" encoding="UTF-8"?><collection xmlns="http://www.loc.gov/MARC21/slim"><record><leader>00339nam--2200133-i-4500</leader><controlfield tag="001">000041430</controlfield><controlfield tag="002">20161230</controlfield><controlfield tag="005">20161230201043</controlfield><controlfield tag="008">060222s1000------------r-----000-0-eng-d</controlfield><datafield ind1=" " ind2=" " tag="080"><subfield code="a">621.372</subfield></datafield><datafield ind1=" " ind2=" " tag="100"><subfield code="a">Shea,T.E</subfield></datafield><datafield ind1=" " ind2=" " tag="245"><subfield code="a">Transmission networks and wave filters</subfield></datafield><datafield ind1=" " ind2=" " tag="260"><subfield code="a">New York, D.Van Nostrand Comp.,1948. Xvii + 470 P</subfield></datafield><datafield ind1=" " ind2=" " tag="852"><subfield code="a">714</subfield></datafield></record></collection>